<?xml version="1.0" encoding="UTF-8" ?>
<collection xmlns:xsi="http://www.w3.org/2001/XMLSchema-instance" xsi:schemaLocation="http://www.loc.gov/MARC21/slim http://www.loc.gov/standards/marcxml/schema/MARC21slim.xsd">
	<record>
		<leader>x10</leader>
		<controlfield tag="001">x10</controlfield>
		<datafield ind1=" " ind2=" " tag="010">
			<subfield code="a">978-2-08-070210-4</subfield>
			<subfield code="d">5.80euro</subfield>
		</datafield>
		<datafield ind1="|" ind2=" " tag="101">
			<subfield code="a">French</subfield>
		</datafield>
		<datafield ind1="1" ind2=" " tag="200">
			<subfield code="a">Essais</subfield>
			<subfield code="f">Michel de Montaigne</subfield>
			<subfield code="g">Introduction by Alexandre Micha</subfield>
		</datafield>
		<datafield ind1=" " ind2=" " tag="210">
			<subfield code="a">Paris</subfield>
			<subfield code="c">Garnier-Flammarion</subfield>
			<subfield code="d">1969</subfield>
		</datafield>
		<datafield ind1=" " ind2=" " tag="215">
			<subfield code="a">443 pages</subfield>
			<subfield code="c">Cover with colorful illustrations</subfield>
			<subfield code="d">18 cm</subfield>
		</datafield>
		<datafield ind1="2" ind2=" " tag="225">
			<subfield code="a">GF</subfield>
			<subfield code="v">210</subfield>
		</datafield>
		<datafield ind1=" " ind2="1" tag="700">
			<subfield code="3">pauth-007</subfield>
			<subfield code="a">Montaigne</subfield>
			<subfield code="b">Michel de</subfield>
			<subfield code="4">070</subfield>
		</datafield>
		<datafield ind1=" " ind2="1" tag="702">
			<subfield code="3">pauth-028</subfield>
			<subfield code="a">Micha</subfield>
			<subfield code="b">Alexandre</subfield>
			<subfield code="4">080</subfield>
		</datafield>
	</record>
</collection>